@article{who_breast_cancer,
  author       = {{World Health Organization}},
  title        = {Breast Cancer},
  howpublished = {\url{https://www.who.int/news-room/fact-sheets/detail/breast-cancer}},
  year         = {2025},
  note         = {Accessed: 2025-04-30}
}

@article{shinde2018review,
  title={A review of machine learning and deep learning applications},
  author={Shinde, Pramila P and Shah, Seema},
  booktitle={2018 Fourth international conference on computing communication control and automation (ICCUBEA)},
  pages={1--6},
  year={2018},
  organization={IEEE}
}

@article{bardou2018classification,
  title={Classification of breast cancer based on histology images using convolutional neural networks},
  author={Bardou, Dalal and Zhang, Kun and Ahmad, Sayed Mohammad},
  journal={Ieee Access},
  volume={6},
  pages={24680--24693},
  year={2018},
  publisher={IEEE}
}

@article{minarno2021cnn,
  title={Cnn based autoencoder application in breast cancer image retrieval},
  author={Minarno, Agus Eko and Ghufron, Kharisma Muzaki and Sabrila, Trifebi Shina and Husniah, Lailatul and Sumadi, Fauzi Dwi Setiawan},
  booktitle={2021 International Seminar on Intelligent Technology and Its Applications (ISITIA)},
  pages={29--34},
  year={2021},
  organization={IEEE}
}

@article{hubel1962receptive,
  title={Receptive fields, binocular interaction and functional architecture in the cat's visual cortex},
  author={Hubel, David H and Wiesel, Torsten N},
  journal={The Journal of physiology},
  volume={160},
  number={1},
  pages={106},
  year={1962}
}

@article{datacamp_cnn,
  author       = {{DataCamp}},
  title        = {Capas convoluciones: CNN con TensorFlow en Python},
  howpublished = {\url{https://www.datacamp.com/es/tutorial/cnn-tensorflow-python}},
  year         = {2025},
  note         = {Accessed: 2025-04-30}
}

@article{nasser2023deep,
  title={Deep learning based methods for breast cancer diagnosis: a systematic review and future direction},
  author={Nasser, Maged and Yusof, Umi Kalsom},
  journal={Diagnostics},
  volume={13},
  number={1},
  pages={161},
  year={2023},
  publisher={MDPI}
}

@article{google_drive_folder,
  author       = {{Google Drive}},
  title        = {Carpeta compartida de recursos},
  howpublished = {\url{https://drive.google.com/drive/folders/19bn7h6PK5OjD1KFC40VqrbbeTNCalx5-}},
  year         = {2025},
  note         = {Accessed: 2025-04-30}
}

@article{jia2014caffe,
  title={Caffe: Convolutional architecture for fast feature embedding},
  author={Jia, Yangqing and Shelhamer, Evan and Donahue, Jeff and Karayev, Sergey and Long, Jonathan and Girshick, Ross and Guadarrama, Sergio and Darrell, Trevor},
  booktitle={Proceedings of the 22nd ACM international conference on Multimedia},
  pages={675--678},
  year={2014}
}